@article {MR4500520,
    AUTHOR = {Carmo, Jos\'{e} and Jones, Andrew J. I.},
     TITLE = {Carmo and {J}ones' logic for contrary-to-duty obligations
              revised},
   JOURNAL = {J. Logic Comput.},
  FJOURNAL = {Journal of Logic and Computation},
    VOLUME = {32},
      YEAR = {2022},
    NUMBER = {7},
     PAGES = {1352--1364},
      ISSN = {0955-792X},
   MRCLASS = {03B45},
  MRNUMBER = {4500520},
       DOI = {10.1093/logcom/exac026},
       URL = {https://doi-org.eres.library.manoa.hawaii.edu/10.1093/logcom/exac026},
}